@Article{bibkey,
  author    = {Autor A and Autor B and Autor C},
  title     = {Titel},
  journal   = {Journal},
  year      = {2999},
  volume    = {29},
  number    = {4},
  pages     = {195--202},
  publisher = {Publisher},
}